@Comment А вот так оформляется библиография при помощи BibTeX.

@online{nist,
	author = "Thomas P. Roth and Yuyin Song and Martin J. Burns and Himanshu Neema and William Emfinger and Janos Sztipanovits ",
	title = "CYBER-PHYSICAL SYSTEM DEVELOPMENT ENVIRONMENT FOR ENERGY APPLICATIONS ",
	year = "2017",
	url = "https://www.nist.gov/publications/cyber-physical-system-development-environment-energy-applications",
	urldate = "28.06.2017",
	language = "english"
}

@online{industry,
	author = "Новиков Олег",
	title = "ЧТО ТАКОЕ ИНДУСТРИЯ 4.0? ЦИФРЫ И ФАКТЫ",
	year = "2015",
	url = "http://holzex.ru/chto-takoe-industriya-4-0-tsifryi-i-faktyi",
	urldate = "14.08.2015",
	language = "russian"
}
@techreport{niokr,
	author = "Кремлев А.С. and Маргун А.А. and Юрьева Р.А. and Власов С.М. and Васильков С.Д. and Пенской А.В. and Николаев Н.А. and Слита О.В. and Жиленков А.А. and Вахвиянова П.Д. and Волков А.В. and Коновалов Д.Е. and Добриборщ Д.Э. and Зименко К.А. and Кирсанова А.С. and Базылев Д.Н. and Гребнев И.С. and Болдырев И.П. and Евдокимов П.С. and Зимин А.Ю. and Иванов В.О. and Черных А.В. and Халанчук Р.А. and Анисимов И.В. and Тулькова И.А. and Лопацкий А.В. and Июдина О.С. and Гурин Д.А. and Алексанин С.А. and Малкина Е.А. and Иващенко А.А. and Кукин Н.А. and Куприенко А.М. and Леонтьев В.М. and Литвяков А.С. and Малютина Е.В. and Попова В.О. and Сурский П.В. and Халанчук Р.А. and Уваров М.М. and Якобсон А.К. and Андрианов Д.И. and Анспук Д.А. and Альтшулер Е.В. and Телешман А.И. and Николаев П.С. and Пронин К.В. and Мухина И.В. and Вражевский С.А. and Голубей А.А. and Дунаев В.И. and Матвеев А.А. and Медведовский Е.В. and Круглова А.И. and Корепанов П.Ю. and Колеватова М.В. and Кердоль З.О. and Иголкин В.А. and Седунов Д.Ю. and Веровенко В.Ю. and Вороненкова Ю.В. and Бормотов А.В. and Белявская И.Н.",
	title = "Интеллектуальные технологии цифрового производства",
	year = "2018",
	language = "russian"
}

@techreport{niorkpz,
	author = "Кремлев А.С. and Маргун А.А. and А.А. Иващенко and В.А. Иголкин and З.О. Кердоль and А.А. Корепанов and О.В. Слита and А.В. Пенской and А.И. Круглова and П.С. Николаев and Е.В. Малютина and А.В. Лопацкий",
	title = "Система планирования и прогнозирования ПОЯСНИТЕЛЬНАЯ ЗАПИСКА К ТЕХНИЧЕСКОМУ ПРОЕКТУ",
	year = "2018",
	language = "russian"
}

@book{mulBook,
	title = {Планирование и эксплуатация промышленных предприятий: Рабочие методики для адаптивного, сетевого и ресурсосберегающего предприятия},
	author = {Мюллер Э. and Шенк М. and Вирт З.},
	journal = {journal},
	year = {2017}
}

@book{lodonBook,
	title = {Управление информационными системами},
	author = {Лодон Дж. and Лодон К.},
	year = {2005}
}

@book{oliriBook,
	title = {ERP системы. Современное планирование и управление ресурсами предприятия. Выбор, внедрение и эксплуатация},
	author = {О’Лири Д.},
	year = {2004}
}

@book{gibBook,
	title = {Организации: поведение, структура, процессы},
	author = {Гибсон and Дж.Л.},
	year = {2000}
}

@book{mazBook,
	title = {SAP R/3 для каждого. Пошаговые инструкции, практические рекомендации, советы и подсказки},
	author = {Джим Маззулло and Питер Уитли},
	year = {2008}
}

@book{gehBook,
	title = {Планирование и управление производством с помощью решений SAP ERP},
	author = {Келлер Герхард and Дикерсбах Йорг Томас},
	year = {2011}
}
